% This file was created with JabRef 2.9.2.
% Encoding: UTF-8

@ELECTRONIC{Haack2011C,
  author = {Phil Haack},
  year = {2011},
  title = {C\# Razor Syntax Quick Reference},
  howpublished = {\url{http://haacked.com/archive/2011/01/06/razor-syntax-quick-reference.aspx}},
  owner = {atillla},
  timestamp = {2013.07.23}
}

@ELECTRONIC{Haley2010Developer,
  author = {Jason Haley},
  year = {2010},
  title = {Developer Review - Four ASP.NET MVC View Engines},
  howpublished = {\url{http://channel9.msdn.com/coding4fun/articles/Developer-Review-Four-ASPNET-MVC-View-Engines}},
  owner = {atillla},
  timestamp = {2013.07.23}
}

@ELECTRONIC{Litwin2012AMV12:,
  author = {Paul Litwin},
  year = {2012},
  title = {AMV12: Lightning Development with MVC Scaffolding},
  howpublished = {\url{http://www.deeptraining.com/litwin/devcnxfall11/Litwin_ASP_AMV12_Lightning%20Development%20with%20MVC%20Scaffolding.pdf}},
  owner = {atillla},
  timestamp = {2013.07.24}
}

@ELECTRONIC{Silva2010Quick,
  author = {Nuno Silva},
  year = {2010},
  title = {Quick Tips About ASP.NET MVC â€“ UI Helpers and Templates},
  howpublished = {\url{http://blogs.msdn.com/b/nunos/archive/2010/02/08/quick-tips-about-asp-net-mvc-ui-helpers-and-templates.aspx}},
  owner = {atillla},
  timestamp = {2013.07.24}
}

@ELECTRONIC{StackOverflow2011StringLength,
  author = {StackOverflow},
  year = {2011},
  title = {StringLength vs MaxLength attributes ASP.NET MVC3 with EF 4.1 Code
	First},
  howpublished = {\url{http://stackoverflow.com/questions/5717033/stringlength-vs-maxlength-attributes-asp-net-mvc3-with-ef-4-1-code-first}},
  owner = {atillla},
  timestamp = {2013.07.24}
}

@ELECTRONIC{Team2012Introduction,
  author = {Microsoft ASP.NET Team},
  year = {2012},
  title = {Introduction to ASP.NET Web Programming Using the Razor Syntax (C\#)},
  howpublished = {\url{http://www.asp.net/web-pages/tutorials/basics/2-introduction-to-asp-net-web-programming-using-the-razor-syntax}},
  owner = {atillla},
  timestamp = {2013.07.24}
}

